%% This BibTeX bibliography file was created using BibDesk.
%% http://bibdesk.sourceforge.net/


%% Created for Lauro Cesar Araujo at 2015-04-27 19:43:45 -0300 


%% Saved with string encoding Unicode (UTF-8) 

%PARA ESCREVER AS REFERENCIAS UTILIZE OS EXEMPLOS ABAIXO

%EM CASO DE TESE DE MESTRADO UTILIZE ESSA ESTRUTURA
@mastersthesis{github2018,
address={Noruega},
author={Rune Nilsen Abrahamsen},
school={Norwegian University of Science and Technology},
title={Simulating Cyclists in a Simulator with the use of Behaviour Trees},
type={Mestrado em Ciências da Computação},
year={2016}}

%EM CASO DE SITES UTILIZE ESSE MODELO
@ARTICLE{unifeso:2018,
  address = {Teresopolis},
  organization = {Centro Universitário Serra dos Órgãos},
  title = {UNIFESO},
  journal = {.Net},
  month = {DEZEMBRO},
  year = {2018},
  url = {http://www.unifeso.edu.br},
  urlaccessdate = {11 de Dezembro 2018}}

%EM CASO DE MONOGRAFIAS DE OUTROS AUTORES UTILIZE ESSE EXEMPLO
@monography{gabriel2018,
address={Rio de Janeiro},
author={Gabriel de Castro Monteiro},
school={Centro Universitário Serra dos Órgãos - Unifeso},
title={Reprodução de ambiente historico de teresópolis utilizando Game Engine e realidade virtual},
type={Bacharelado},
year={2018}}

%EM CASO DE ANAIS DE CONFERENCIAS NACIONAIS OU INTERNACIONAIS UTILIZE ESSE EXEMPLO
@inproceedings{Murizah2018,
author={Murizah Kassim and Muhamad Noor Hariz Muhamad Said},
booktitle={Anais...},
conference-number={4th},
conference-year={2018},
conference-location={Auckland},
organization={International Conference on Control, Automation and Robotics},
publisher={Auckland University Of Technology},
title={Data Analytics on Interactive Indoor Cycling Exercises With Virtual Reality Video Games},
year={2018}}

%POR ULTIMO CASO FOR UTILIZAR UM LIVRO UTILIZE ESSE EXEMPLO
@book{Corradi2010,
 author  ={Wagner Corradi and Rodrigo Dias Társia and Wanderson Silva de Oliveira and Sérgio Luiz Araújo Vieira and Maria Carolina Nemes and Karla Balzuweit},
 title   ={FUNDAMENTOS DE FISICA I},
 address ={Belo Horizonte, Minas Gerais},
 publisher={UFMG},
 isbn ={978-85-7041-852-4},
 year ={2010}
}

%ATENÇÃO AS REFERENCIAS SO APARECERAM NO TEXTO MEDIANTE O USO DO COMANDO CITE OU CITEONLINE ACRESCIDOS DE UMA \ ESSE COMANDO FARA APARECER A SUA REFERENCIA NA BIBILIOGRAFIA
